@misc{ofbiz,
	author = {The Apache Software Foundation},
	title = {{Apache OFBiz}},
	howpublished = {Available at \url{http://mirror.nohup.it/apache/ofbiz/apache-ofbiz-16.11.01.zip} (February 5, 2017)},
}
