@manual{assignments,
	author = "Mottola, L. and Di Nitto, E.",
	title  = "Assignments AA 2016-2017",
	organization = "Politecnico di Milano",
	howpublished = {Available at \url{https://beep.metid.polimi.it/documents/121843524/0c0ba4e3-9e14-4315-9c4f-961a0eed4669} (November 13, 2016)},
}

@misc{rasd,
	author = "Penco, M. and Pressiani, R.",
	title = {{PowerEnjoy - Requirement Analysis and Specification Document}},
	howpublished = {Available at \url{https://github.com/rpressiani/se2-project-2016/blob/master/releases/RASD.pdf} (January 03, 2016)},
}

@misc{dd,
	author = "Penco, M. and Pressiani, R.",
	title = {{PowerEnjoy - Design Document}},
	howpublished = {Available at \url{https://github.com/rpressiani/se2-project-2016/blob/master/releases/DD.pdf} (January 03, 2017)},
}
