@manual{assignments,
	author = "Mottola, L. and Di Nitto, E.",
	title  = "Assignments AA 2016-2017",
	organization = "Politecnico di Milano",
	howpublished = {Available at \url{https://beep.metid.polimi.it/documents/121843524/0c0ba4e3-9e14-4315-9c4f-961a0eed4669} (November 13, 2016)},
}

@article{ieee-srs, 
	journal={IEEE Std 830-1998}, 
	title={{IEEE Recommended Practice for Software Requirements Specifications}}, 
	year={1998}, 
	pages={1-40}, 
	keywords={formal specification;IEEE Std 830-1998;IEEE recommended practice;IEEE/EIA Std 12207.1-1997;commercial software product selection;contracts;customers;guidelines;in-house software product selection;prototyping;software development;software requirements specification;standards compliance;suppliers;system requirements specifications;Software requirements and specifications;contract;customer;prototyping;software requirements specification;supplier;system requirements specifications}, 
	doi={10.1109/IEEESTD.1998.88286}, 
	month={Oct},
}

@misc{alloy ,
	author = {Daniel Jackson},
	title = {"{Alloy}: a language \& tool for relational models"},
	howpublished = {Available at \url{http://alloy.mit.edu/alloy/} (November 13, 2016)},
}

@misc{ios,
	author = {Apple Inc.},
	title = {{iOS}},
	howpublished = {Available at \url{http://www.apple.com/ios/} (November 26, 2016)},
}

@misc{android,
	author = {Google Inc.},
	title = {{Android}},
	howpublished = {Available at \url{https://www.android.com/} (November 26, 2016)},
}
